@STRING(JACS="J. Amer. Chem. Soc.")
@STRING(JCC="J. Comput. Chem.")
@STRING(JOG="J. Org. Chem.")
@STRING(ANG="Ang. Chem. Inter. Ed.")
@STRING(CR="Chem. Rev.")
@STRING(ACR="Acc. Chem. Res.")
@STRING(JPCA="J. Phys. Chem. A")
@STRING(JPCB="J. Phys. Chem. B")
@STRING(JPC="J. Phys. Chem.")
@STRING(JCTC="J. Chem. Theory Comput.")
@STRING(JCP="J. Chem. Phys.")
@STRING(MP="Mol. Phys.")
@STRING(ChemCom="J. Chem. Soc. Chem. Commun.")
@STRING(CSR="Chem. Soc. Rev.")
@STRING(Sci="Science")
@STRING(Nat="Nature")
@STRING(PNAS="Proc. Natl. Acad. Sci. USA")
@STRING(CPL="Chem. Phys. Lett.")
@STRING(PRB="Phys. Rev. B")
@STRING(PR="Phys. Rev.")
@STRING(CM="Chem. Mater.")
@STRING(JCSPT2="J. Chem. Soc. Per. Trans. 2")
@STRING(FARDIS="Faraday Discuss.")
@STRING(PNAS="Proc. Natl. Acad. Sci. USA")
@STRING(ANGEW="Angew. Chem. Int. Ed.")
@STRING(PCCP="Phys. Chem. Chem. Phys.")
@STRING(TCA="Theoretical Chem. Accounts")
@STRING(JPCL="The Journal of Physical Chem. Letters")

@article{iupac,
  author = {Arunan, E. and Desiraju, G.~R. and Klein, R.~A.
            and Sadlej, J. and Scheiner, S. and Alkorta, I. and Clary,
            D.~C. and Crabtree, R.~H. and Dannenberg, J.~J. and Hobza,
            P. and Kjaergaard, H.~G. and Legon, A.~C. and Mennucci,
            B. and Nesbitt, D.~J.},
  doi    = {10.1351/PAC-REC-10-01-02},
  file   = {:home/manuel/docs/papers/Arunan et al/Arunan et
            al.\_2011.pdf:pdf},
  issn     = {0033-4545},
  journal  = {Pure Appl. Chem.},
  keywords = {bonding,charge transfer,chemistry division,hydrogen bond,iupac
              physical and biophysical,molecular interactions,noncovalent
              interactions},
  pages  = {1637--1641},
  title  = {{Definition of the hydrogen bond (IUPAC Recommendations
            2011)}},
  url    = {http://iupac.org/publications/pac/83/8/1637/},
  volume = {83},
  year   = {2011}
}

@book{szabo,
  Author = {A. Szabo and N.~S. Ostlund},
  Title  = {Modern Quantum Chemistry: Introduction to Advanced
            Electronic Structure Theory (Dover Books on Chemistry)},
  Publisher = {Dover Publications},
  Year   = {1996},
  ISBN   = {0486691861},
}

@book{pilar,
  Author = {F.~L. Pilar},
  Title  = {Elementary Quantum Chemistry},
  Publisher = {Dover Publications},
  Year = {1990},
  ISBN = {0486414647},
}

@book{mcquarrie,
  Author = {D. McQuarrie},
  Title  = {Quantum Chemistry (Physical Chemistry Series)},
  Publisher = {University Science Books},
  Year = {1983},
  ISBN = {093570213X},
}

@book{koch,
  Author = {W. Koch and M.~C. Holthausen},
  Title  = {A Chemist's Guide to Density Functional Theory},
  Publisher = {Wiley-VCH},
  Year = {2001},
  ISBN = {3527303723},
}

@book{helgaker,
  Author = {T. Helgaker and P. J{\o}rgensen and J. Olsen},
  Title  = {Molecular Electronic-Structure Theory},
  Publisher = {Wiley},
  Year = {2000},
  ISBN = {0471967556},
}

@book{bader,
  Author = {R.~F.~W. Bader},
  Title  = {Atoms in Molecules: A Quantum Theory (International Series
            of Monographs on Chemistry)},
  Publisher = {Oxford University Press, USA},
  Year = {1994},
  ISBN = {0198558651},
}

@book{bader1990atoms,
  title={Atoms in Molecules: A Quantum Theory},
  author={Bader, R.F.W.},
  isbn={9780198551683},
  lccn={90036441},
  series={International series of monographs on chemistry},
  url={https://books.google.com.mx/books?id=up1pQgAACAAJ},
  year={1990},
  publisher={Clarendon Press}
}

@book{stone,
  Author = {A.~J. Stone},
  Title  = {The Theory of Intermolecular Forces (International Series
            of Monographs on Chemistry)},
  Publisher = {Oxford University Press, USA},
  Year = {1997},
  ISBN = {019855883X},
}

@article{kosov2000,
  author = {Kosov, D.~S. and Popelier, P.~L.~A.},
  doi    = {10.1063/1.1288384},
  file   = {:home/manuel/docs/papers/Kosov, Popelier/Kosov,
          Popelier\_2000.pdf:pdf},
  issn   = {00219606},
  journal = JCP,
  pages = {3969},
  title = {{Convergence of the multipole expansion for electrostatic
            potentials of finite topological atoms}},
  url    = {http://link.aip.org/link/JCPSA6/v113/i10/p3969/s1\&Agg=doi},
  volume = {113},
  year   = {2000}
}

@book{levine,
  Author = {I.~N. Levine},
  Title  = {Quantum Chemistry},
  Publisher = {Prentice Hall},
  Year = {1999},
  ISBN = {8120330641},
}

@book{hobza,
  Author = {P. Hobza and K. Muller-Dethlefs},
  Title  = {Non-Covalent Interactions: Theory and Experiment (RSC
            Theoretical and Computational Chemistry Series)},
  Publisher = {Royal Society of Chemistry},
  Year = {2009},
  ISBN = {1847558534},
}

@article{intra-bsse,
  author = {Balabin, R.~ M.},
  doi    = {10.1063/1.2997349},
  file   = {:home/manuel/docs/papers/Balabin/Balabin\_2008.pdf:pdf},
  issn   = {1089-7690},
  pages  = {164101},
  journal = JCP,
  pmid  = {19045241},
  title = {{Enthalpy difference between conformations of normal alkanes:
           Intramolecular basis set superposition error (BSSE) in the case of
           n-butane and n-hexane.}},
  url    = {http://www.ncbi.nlm.nih.gov/pubmed/19045241},
  volume = {129},
  year   = {2008}
}

@book{marquito,
  Title  = {Interacting Quantum Atoms at the correlated level by means
            of closed shell coupled cluster theory},
  Author = {M. Garcia-Revilla and R. Chavez-Calvillo and E. Francisco
            and A. Martin-Pendas and T. Rocha-Rinza},
  Publisher = {Resultados no publicados},
}

@misc{g09,
  author="M. J. Frisch and G. W. Trucks and H. B. Schlegel and G. E.
  Scuseria and M. A. Robb and J. R. Cheeseman and G. Scalmani and V.
  Barone and B. Mennucci and G. A. Petersson and H. Nakatsuji and M.
  Caricato and X. Li and H. P. Hratchian and A. F. Izmaylov and J.
  Bloino and G. Zheng and J. L. Sonnenberg and M. Hada and M. Ehara and
  K. Toyota and R. Fukuda and J. Hasegawa and M. Ishida and T. Nakajima
  and Y. Honda and O. Kitao and H. Nakai and T. Vreven and Montgomery,
  {Jr.}, J. A. and J. E. Peralta and F. Ogliaro and M. Bearpark and J.
  J. Heyd and E. Brothers and K. N. Kudin and V. N. Staroverov and R.
  Kobayashi and J. Normand and K. Raghavachari and A. Rendell and J. C.
  Burant and S. S. Iyengar and J. Tomasi and M. Cossi and N. Rega and J.
  M. Millam and M. Klene and J. E. Knox and J. B. Cross and V. Bakken
  and C. Adamo and J. Jaramillo and R. Gomperts and R. E. Stratmann and
  O. Yazyev and A. J. Austin and R. Cammi and C. Pomelli and J. W.
  Ochterski and R. L. Martin and K. Morokuma and V. G. Zakrzewski and G.
  A. Voth and P. Salvador and J. J. Dannenberg and S. Dapprich and A. D.
  Daniels and {\"O.} Farkas and J. B. Foresman and J. V. Ortiz and J.
  Cioslowski and D. J. Fox",
  title="Gaussian~09 {R}evision {A}.1",
  note="Gaussian Inc. Wallingford CT 2009"
}

@ARTICLE{mp2,
   author = {M{\o}ller, C. and Plesset, M.~S.},
    title = "{Note on an Approximation Treatment for Many-Electron
              Systems}",
  journal = PR,
     year = 1934,
   volume = 46,
    pages = {618-622},
      doi = {10.1103/PhysRev.46.618},
   adsurl = {http://adsabs.harvard.edu/abs/1934PhRv...46..618M},
  adsnote = {Provided by the SAO/NASA Astrophysics Data System}
}

@article{dunning1,
        author = {Thom H. Dunning, Jr.},
 collaboration = {},
         title = {Gaussian basis sets for use in correlated molecular
                  calculations. I. The atoms boron through neon and hydrogen},
     publisher = {AIP},
          year = {1989},
       journal = JCP,
        volume = {90},
         pages = {1007-1023},
      keywords = {BORON; CARBON; NITROGEN; OXYGEN; FLUORINE; NEON; HYDROGEN;
                  ELECTRONIC STRUCTURE; ELECTRON CORRELATION; CONFIGURATION
                  INTERACTION},
           url = {http://link.aip.org/link/?JCP/90/1007/1},
           doi = {10.1063/1.456153}
}

@article{gregory1997,
  author = {Gregory, J. K.},
  doi    = {10.1126/science.275.5301.814},
  file   = {:home/manuel/docs/papers/Gregory et al/Gregory et
            al.\_2012.pdf:pdf},
  issn    = {00368075},
  journal = {Science},
  pages   = {814--817},
  title   = {{The Water Dipole Moment in Water Clusters}},
  url =
  {http://www.sciencemag.org/cgi/doi/10.1126/science.275.5301.814},
  volume = {275},
  year   = {1997}
}


@MISC{todd,
  author = {Keith, Todd},
    note = {http://aim.tkgristmill.com},
    year = {2012},
   title = {AIMALL web site}
}

@MISC{aimall,
  author = {Keith, T. A.},
   title = "AIMAll (Version 19.02.13)",
    note = "TK Gristmill Software, Overland Park KS, USA, 2019
            (aim.tkgristmill.com)"
}


@book{sakurai,
  title  = {Modern Quantum Mechanics},
  author = {J. J. Sakurai},
  year   = {1993},
  PUBLISHER = {CAMBRIDGE UNIVERSITY PRESS},
}

@book{thouless,
  author = {D. J. Thouless},
  title  = {Topological Quantum Numbers in Nonrelativistic Physics},
  year   = {1998},
  publisher = {World Scientific},
  ISBN   = {9810229003, 9789810229009}
}

@book{euler1736,
  title = {Solutio problematis ad geometriam situs pertinentis},
  author = {Leonhard Euler},
  year = {1736},
  publisher = {Euler Archive - All Works},
}

@book{listing1848vorstudien,
  title = {Vorstudien zur Topologie},
  year = {1848},
  author = {Johann Benedict Listing},
  publisher = {Vandenhoeck und Ruprecht},
}

@article{Zhao2006,
  doi   = {10.1021/jp066479k},
  url   = {https://doi.org/10.1021/jp066479k},
  year  = {2006},
  month = dec,
  publisher = {American Chemical Society ({ACS})},
  volume = {110},
  number = {49},
  pages  = {13126--13130},
  author = {Yan Zhao and Donald G. Truhlar},
  title  = {Density Functional for Spectroscopy:~ No Long-Range Self-Interaction Error,  Good Performance for Rydberg and Charge-Transfer States,  and Better Performance on Average than {B}3{LYP} for Ground States},
  journal = JPCA
}

@article{McLean1980,
  doi   = {10.1063/1.438980},
  url   = {https://doi.org/10.1063/1.438980},
  year  = {1980},
  month = may,
  publisher = {{AIP} Publishing},
  volume = {72},
  number = {10},
  pages  = {5639--5648},
  author = {A. D. McLean and G. S. Chandler},
  title  = {Contracted Gaussian basis sets for molecular calculations. I. Second row atoms,  Z=11{\textendash}18},
  journal = JPCA
}

@article{Moshinsky,
  doi   = {10.1119/1.1974410},
  url   = {https://doi.org/10.1119/1.1974410},
  year  = {1968},
  month = jan,
  publisher = {American Association of Physics Teachers ({AAPT})},
  volume = {36},
  number = {1},
  pages  = {52--53},
  author = {M. Moshinsky},
  title  = {How Good is the Hartree-Fock Approximation},
  journal = {American Journal of Physics}
}

@book{RobertG1994,
  year   = {1994},
  publisher = {Oxford University Press Inc},
  author = {Robert G. Parr, Yang Weitao},
  title  = {Density-Functional Theory of Atoms and Molecules},
  ISBN   = {978-0-19-509276-9}
}

@book{Halzen1984,
  year = {1984},
  publisher = {Wiley},
  author = {Francis Halzen and Alan D. Martin},
  title = {Quarks and Leptons: An Introductory Course in Modern Particle Physics},
  ISBN = {0471887412}
}

@article{Kinoshita2006,
  doi = {10.1103/physrevd.73.013003},
  url = {https://doi.org/10.1103/physrevd.73.013003},
  year = {2006},
  month = jan,
  publisher = {American Physical Society ({APS})},
  volume = {73},
  number = {1},
  author = {Toichiro Kinoshita and Makiko Nio},
  title = {Improved $\alpha^4$ term of the electron anomalous magnetic moment},
  journal = {Physical Review D}
}

@article{Runge1984,
  doi   = {10.1103/physrevlett.52.997},
  url   = {https://doi.org/10.1103/physrevlett.52.997},
  year  = {1984},
  month = mar,
  publisher = {American Physical Society ({APS})},
  volume  = {52},
  number  = {12},
  pages   = {997--1000},
  author  = {Erich Runge and E. K. U. Gross},
  title   = {Density-Functional Theory for Time-Dependent Systems},
  journal = {Physical Review Letters}
}

@article{Hohenberg1964,
  doi   = {10.1103/physrev.136.b864},
  url   = {https://doi.org/10.1103/physrev.136.b864},
  year  = {1964},
  month = nov,
  publisher = {American Physical Society ({APS})},
  volume  = {136},
  number  = {3B},
  pages   = {B864--B871},
  author  = {P. Hohenberg and W. Kohn},
  title   = {Inhomogeneous Electron Gas},
  journal = {Physical Review}
}

@article{Kohn1965,
  doi   = {10.1103/physrev.140.a1133},
  url   = {https://doi.org/10.1103/physrev.140.a1133},
  year  = {1965},
  month = nov,
  publisher = {American Physical Society ({APS})},
  volume  = {140},
  number  = {4A},
  pages   = {A1133--A1138},
  author  = {W. Kohn and L. J. Sham},
  title   = {Self-Consistent Equations Including Exchange and Correlation Effects},
  journal = {Physical Review}
}

@article{Becke1988,
  doi   = {10.1103/physreva.38.3098},
  url   = {https://doi.org/10.1103/physreva.38.3098},
  year  = {1988},
  month = sep,
  publisher = {American Physical Society ({APS})},
  volume = {38},
  number = {6},
  pages  = {3098--3100},
  author = {A. D. Becke},
  title  = {Density-functional exchange-energy approximation with correct asymptotic behavior},
  journal = {Physical Review A}
}

@article{Slater74,
  doi   = {10.1063/1.3129035},
  url   = {https://doi.org/10.1063/1.3129035},
  year  = {1974},
  month = dec,
  publisher = {{AIP} Publishing},
  volume = {27},
  number = {12},
  pages  = {49--50},
  author = {J. C. Slater and James C. Phillips},
  title  = {{Q}uantum {T}heory of {M}olecules and {S}olids Vol. 4: {T}he {S}elf-Consistent {F}ield for {M}olecules and {S}olids},
  journal = {Physics Today}
}

@article{Lee1988,
  doi   = {10.1103/physrevb.37.785},
  url   = {https://doi.org/10.1103/physrevb.37.785},
  year  = {1988},
  month = jan,
  publisher = {American Physical Society ({APS})},
  volume = {37},
  number = {2},
  pages  = {785--789},
  author = {Chengteh Lee and Weitao Yang and Robert G. Parr},
  title  = {Development of the Colle-Salvetti correlation-energy formula into a functional of the electron density},
  journal = {Physical Review B}
}

@article{Perdew1986,
  doi   = {10.1103/physrevb.33.8822},
  url   = {https://doi.org/10.1103/physrevb.33.8822},
  year  = {1986},
  month = jun,
  publisher = {American Physical Society ({APS})},
  volume = {33},
  number = {12},
  pages  = {8822--8824},
  author = {John P. Perdew},
  title  = {Density-functional approximation for the correlation energy of the inhomogeneous electron gas},
  journal = {Physical Review B}
}

@article{Zhao2007,
  doi   = {10.1007/s00214-007-0310-x},
  url   = {https://doi.org/10.1007/s00214-007-0310-x},
  year  = {2007},
  month = jul,
  publisher = {Springer Science and Business Media {LLC}},
  volume = {120},
  number = {1-3},
  pages  = {215--241},
  author = {Yan Zhao and Donald G. Truhlar},
  title  = {The {M}06 suite of density functionals for main group thermochemistry,  thermochemical kinetics,  noncovalent interactions,  excited states,  and transition elements: two new functionals and systematic testing of four {M}06-class functionals and 12 other functionals},
  journal = {Theoretical Chemistry Accounts}
}

@article{Ernzerhof1998,
  doi   = {10.1063/1.476928},
  url   = {https://doi.org/10.1063/1.476928},
  year  = {1998},
  month = sep,
  publisher = {{AIP} Publishing},
  volume = {109},
  number = {9},
  pages  = {3313--3320},
  author = {Matthias Ernzerhof and John P. Perdew},
  title = {Generalized gradient approximation to the angle- and system-averaged exchange hole},
  journal = {The Journal of Chemical Physics}
}

@article{Schrdinger1926,
  doi   = {10.1103/physrev.28.1049},
  url   = {https://doi.org/10.1103/physrev.28.1049},
  year  = {1926},
  month = dec,
  publisher = {American Physical Society ({APS})},
  volume = {28},
  number = {6},
  pages  = {1049--1070},
  author = {E. Schr\"{o}dinger},
  title  = {An Undulatory Theory of the Mechanics of Atoms and Molecules},
  journal = {Physical Review}
}

@article{Dirac1928,
  doi     = {10.1098/rspa.1928.0023},
  author  = {Paul Adrien Maurice Dirac},
  url     = {https://doi.org/10.1098/rspa.1928.0023},
  year    = {1928},
  month   = feb,
  publisher = {The Royal Society},
  volume  = {117},
  number  = {778},
  pages   = {610--624},
  title   = {The quantum theory of the electron},
  journal = {Proceedings of the Royal Society of London. Series A,  Containing Papers of a Mathematical and Physical Character}
}

@article{Thomas1927,
  doi   = {10.1017/s0305004100011683},
  url   = {https://doi.org/10.1017/s0305004100011683},
  year  = {1927},
  month = jan,
  publisher = {Cambridge University Press ({CUP})},
  volume = {23},
  number = {5},
  pages  = {542--548},
  author = {L. H. Thomas},
  title  = {The calculation of atomic fields},
  journal = {Mathematical Proceedings of the Cambridge Philosophical Society}
}

@article{Einstein1905,
  doi  = {10.1002/andp.19053220607},
  url  = {https://doi.org/10.1002/andp.19053220607},
  year = {1905},
  publisher = {Wiley},
  volume = {322},
  number = {6},
  pages  = {132--148},
  author = {A. Einstein},
  title  = {\"{U}ber einen die Erzeugung und Verwandlung des Lichtes betreffenden heuristischen Gesichtspunkt},
  journal = {Annalen der Physik}
}

@article{Papajak2011,
  doi   = {10.1021/ct200106a},
  url   = {https://doi.org/10.1021/ct200106a},
  year  = {2011},
  month = aug,
  publisher = {American Chemical Society ({ACS})},
  volume = {7},
  number = {10},
  pages  = {3027--3034},
  author = {Ewa Papajak and Jingjing Zheng and Xuefei Xu and Hannah R. Leverentz and Donald G. Truhlar},
  title = {Perspectives on Basis Sets Beautiful: Seasonal Plantings of Diffuse Basis Functions},
  journal = {Journal of Chemical Theory and Computation}
}

@book{Koch2001,
  doi   = {10.1002/3527600043},
  url   = {https://doi.org/10.1002/3527600043},
  year  = {2001},
  month = jul,
  publisher = {Wiley},
  author = {Wolfram Koch and Max C. Holthausen},
  title  = {A Chemist{\textquotesingle}s Guide to Density Functional Theory}
}

@article{Zhao2005,
  doi   = {10.1063/1.2126975},
  url   = {https://doi.org/10.1063/1.2126975},
  year  = {2005},
  month = oct,
  publisher = {{AIP} Publishing},
  volume = {123},
  number = {16},
  pages  = {161103},
  author = {Yan Zhao and Nathan E. Schultz and D. G. Truhlar},
  title  = {Exchange-correlation functional with broad accuracy for
            metallic and nonmetallic compounds, kinetics, and noncovalent interactions},
  journal = {The Journal of Chemical Physics}
}

@misc{g16,
author={M. J. Frisch and G. W. Trucks and H. B. Schlegel and G. E. Scuseria and M. A. Robb and J. R. Cheeseman and G. Scalmani and V. Barone and G. A. Petersson and H. Nakatsuji and X. Li and M. Caricato and A. V. Marenich and J. Bloino and B. G. Janesko and R. Gomperts and B. Mennucci and H. P. Hratchian and J. V. Ortiz and A. F. Izmaylov and J. L. Sonnenberg and D. Williams-Young and F. Ding and F. Lipparini and F. Egidi and J. Goings and B. Peng and A. Petrone and T. Henderson and D. Ranasinghe and V. G. Zakrzewski and J. Gao and N. Rega and G. Zheng and W. Liang and M. Hada and M. Ehara and K. Toyota and R. Fukuda and J. Hasegawa and M. Ishida and T. Nakajima and Y. Honda and O. Kitao and H. Nakai and T. Vreven and K. Throssell and Montgomery, {Jr.}, J. A. and J. E. Peralta and F. Ogliaro and M. J. Bearpark and J. J. Heyd and E. N. Brothers and K. N. Kudin and V. N. Staroverov and T. A. Keith and R. Kobayashi and J. Normand and K. Raghavachari and A. P. Rendell and J. C. Burant and S. S. Iyengar and J. Tomasi and M. Cossi and J. M. Millam and M. Klene and C. Adamo and R. Cammi and J. W. Ochterski and R. L. Martin and K. Morokuma and O. Farkas and J. B. Foresman and D. J. Fox},
title={Gaussian˜16 {R}evision {C}.01},
year={2016},
note={Gaussian Inc. Wallingford CT}
}

@article{Woon1993,
  doi   = {10.1063/1.464303},
  url   = {https://doi.org/10.1063/1.464303},
  year  = {1993},
  month = jan,
  publisher = {{AIP} Publishing},
  volume = {98},
  number = {2},
  pages  = {1358--1371},
  author = {David E. Woon and Thom H. Dunning},
  title  = {Gaussian basis sets for use in correlated molecular calculations. {III}. The atoms aluminum through argon},
  journal = {The Journal of Chemical Physics}
}

@article{JimnezHoyos2012,
  doi   = {10.1063/1.4705280},
  url   = {https://doi.org/10.1063/1.4705280},
  year  = {2012},
  month = apr,
  publisher = {{AIP} Publishing},
  volume = {136},
  number = {16},
  pages  = {164109},
  author = {Carlos A. Jim{\'{e}}nez-Hoyos and Thomas M. Henderson and Takashi Tsuchimochi and Gustavo E. Scuseria},
  title   = {Projected Hartree{\textendash}Fock theory},
  journal = {The Journal of Chemical Physics}
}

@article{Huggins1922,
  doi   = {10.1126/science.55.1426.459},
  url   = {https://doi.org/10.1126/science.55.1426.459},
  year  = {1922},
  month = apr,
  publisher = {American Association for the Advancement of Science ({AAAS})},
  volume  = {55},
  number  = {1426},
  pages   = {459--460},
  author  = {Maurice L. Huggins},
  title   = {Atomic Structure},
  journal = {Science}
}

@article{Colle1975,
  doi  = {10.1007/bf01028401},
  url  = {https://doi.org/10.1007/bf01028401},
  year = {1975},
  publisher = {Springer Science and Business Media {LLC}},
  volume = {37},
  number = {4},
  pages  = {329--334},
  author = {Renato Colle and Oriano Salvetti},
  title  = {Approximate calculation of the correlation energy for the closed shells},
  journal = {Theoretica Chimica Acta}
}

@article{Dunning1989,
  doi   = {10.1063/1.456153},
  url   = {https://doi.org/10.1063/1.456153},
  year  = {1989},
  month = jan,
  publisher = {{AIP} Publishing},
  volume  = {90},
  number  = {2},
  pages   = {1007--1023},
  author  = {Thom H. Dunning},
  title   = {Gaussian basis sets for use in correlated molecular calculations. I. The atoms boron through neon and hydrogen},
  journal = {The Journal of Chemical Physics}
}

@Article{ADF2001,
  Title       = {Chemistry with ADF},
  Author      = {te Velde, G. and Bickelhaupt, F. M. and Baerends, E. J. and Fonseca Guerra, C. and van Gisbergen, S. J. A. and Snijders, J. G. and Ziegler, T.},           
  Journal     = {Journal of Computational Chemistry},
  Year        = {2001},
  Number      = {9},
  Pages       = {931--967},
  Volume      = {22},
  Doi         = {10.1002/jcc.1056},
  ISSN        = {1096-987X},
  Publisher   = {John Wiley \& Sons, Inc.},
  Url         = {http://dx.doi.org/10.1002/jcc.1056}
} 

@article{Bonvicini2019,
  doi     = {10.1039/c9cp01902b},
  url     = {https://doi.org/10.1039/c9cp01902b},
  year    = {2019},
  publisher = {Royal Society of Chemistry ({RSC})},
  volume  = {21},
  number  = {28},
  pages   = {15487--15503},
  author  = {A. Bonvicini and P. Reinholdt and V. Tognetti and L. Joubert and D. W\"{u}stner and J. Kongsted},
  title   = {Rational design of novel fluorescent analogues of cholesterol: a {\textquotedblleft}step-by-step{\textquotedblright} computational study},
  journal = {Physical Chemistry Chemical Physics}
} 

@article{Migliore2020,
  doi  = {10.1039/c9cp05776e},
  url  = {https://doi.org/10.1039/c9cp05776e},
  year = {2020},
  publisher = {Royal Society of Chemistry ({RSC})},
  volume  = {22},
  number  = {3},
  pages   = {1611--1623},
  author  = {Mattia Migliore and Andrea Bonvicini and Vincent Tognetti and Laure Guilhaudis and Marc Baaden and Hassan Oulyadi and Laurent Joubert and Isabelle S{\'{e}}galas-Milazzo},
  title   = {Characterization of {$\beta$}-turns by electronic circular dichroism spectroscopy: a coupled molecular dynamics and time-dependent density functional theory computational study},
  journal = {Physical Chemistry Chemical Physics}
} 

@article{Beerepoot2016,
  doi = {10.1021/acs.jctc.5b01000},
  url = {https://doi.org/10.1021/acs.jctc.5b01000},
  year = {2016},
  month = mar,
  publisher = {American Chemical Society ({ACS})},
  volume = {12},
  number = {4},
  pages = {1684--1695},
  author = {Maarten T. P. Beerepoot and Arnfinn Hykkerud Steindal and Nanna Holmgaard List and Jacob Kongsted and J{\'{o}}gvan Magnus Haugaard Olsen},
  title = {Averaged Solvent Embedding Potential Parameters for Multiscale Modeling of Molecular Properties},
  journal = {Journal of Chemical Theory and Computation}
}

@misc{zenodo,
  doi       = {10.5281/ZENODO.775113},
  url       = {https://zenodo.org/record/775113},
  author    = {Olsen,  Jógvan Magnus Haugaard and Reinholdt,  Peter},
  keywords  = {Computational Chemistry,  Quantum Chemistry,  Computational Spectroscopy,  Multiscale Modeling,  Polarizable Embedding,  Polarizable Density Embedding,  Fragmentation Method,  QM/MM},
  title     = {PyFraME: Python framework for Fragment-based Multiscale Embedding},
  publisher = {Zenodo},
  year      = {2021},
  copyright = {GNU General Public License v3.0 or later}
} 

@article{Gallegos2022,
  doi   = {10.1063/5.0076896},
  url   = {https://doi.org/10.1063/5.0076896},
  year  = {2022},
  month = jan,
  publisher = {{AIP} Publishing},
  volume  = {156},
  number  = {1},
  pages   = {014112},
  author  = {Miguel Gallegos and Jos{\'{e}} Manuel Guevara-Vela and {\'{A}}ngel Mart{\'{\i}}n Pend{\'{a}}s},
  title   = {{NNAIMQ}: A neural network model for predicting {QTAIM} charges},
  journal = {The Journal of Chemical Physics}
}

@book{landau2013electrodynamics,
  title  = {Electrodynamics of continuous media},
  author = {Landau, Lev Davidovich and Bell, John Stewart and Kearsley, MJ and Pitaevskii, LP and Lifshitz, EM and Sykes, JB},
  volume = {8},
  year   = {2013},
  publisher = {elsevier}
}

@article{DosSantos2015,
  doi = {10.1021/acs.jpca.5b00069},
  url = {https://doi.org/10.1021/acs.jpca.5b00069},
  year  = {2015},
  month = mar,
  publisher = {American Chemical Society ({ACS})},
  volume = {119},
  number = {13},
  pages  = {3285--3298},
  author  = {Leonardo H. R. Dos Santos and Anna Krawczuk and Piero Macchi},
  title   = {Distributed Atomic Polarizabilities of Amino Acids and their Hydrogen-Bonded Aggregates},
  journal = {The Journal of Physical Chemistry A}
}

@article{macchiEleD,
  author  = {A. Krawczuk and D. Perez and K. Stadnicka and P. Macchi},
  year    = {2011},
  month   = {01},
  pages   = {1-25},
  title   = {Distributed atomic polarizabilities from electron density. 1. Motivations and Theory},
  volume  = {42},
  journal = {American Crystallographic Association}
}

@incollection{Keith,
  doi = {10.1002/9783527610709.ch3},
  url = {https://doi.org/10.1002/9783527610709.ch3},
  publisher = {Wiley-{VCH} Verlag {GmbH} {\&} Co. {KGaA}},
  pages  = {61--94},
  author = {Todd A. Keith},
  title  = {Atomic Response Properties},
  booktitle = {The Quantum Theory of Atoms in Molecules}
}

@article{Sutcliffe,
  doi = {10.48550/ARXIV.1401.0873},
  url = {https://arxiv.org/abs/1401.0873},
  author = {Sutcliffe,  Brian T and Woolley,  R Guy},
  keywords = {Quantum Physics (quant-ph),  FOS: Physical sciences,  FOS: Physical sciences},
  title = {Comment on `On the Quantum Theory of Molecules' [J. Chem.Phys. \textbf{137},  22A544 (2012)]},
  publisher = {arXiv},
  year = {2014},
  copyright = {arXiv.org perpetual,  non-exclusive license}
}

@article{urk2018,
  title = {Validity of the Born-Oppenheimer approximation in the indirect-dissociative-recombination process},
  volume = {98},
  ISSN = {2469-9934},
  url = {http://dx.doi.org/10.1103/PhysRevA.98.062706},
  DOI = {10.1103/physreva.98.062706},
  number = {6},
  journal = {Physical Review A},
  publisher = {American Physical Society (APS)},
  author = {\v{C}urík,  Roman and Hvizdo\v{s},  Dávid and Greene,  Chris H.},
  year = {2018},
  month = dec
}

@article{Fock1932,
  title = {Konfigurationsraum und zweite Quantelung},
  volume = {75},
  ISSN = {1434-601X},
  url = {http://dx.doi.org/10.1007/BF01344458},
  DOI = {10.1007/bf01344458},
  number = {9–10},
  journal = {Zeitschrift f{\"{u}r} Physik},
  publisher = {Springer Science and Business Media LLC},
  author = {Fock,  V.},
  year = {1932},
  month = sep,
  pages = {622–647}
}

@article{Hartree1928,
  title = {The Wave Mechanics of an Atom with a Non-Coulomb Central Field. Part I. Theory and Methods},
  volume = {24},
  ISSN = {1469-8064},
  url = {http://dx.doi.org/10.1017/S0305004100011919},
  DOI = {10.1017/s0305004100011919},
  number = {1},
  journal = {Mathematical Proceedings of the Cambridge Philosophical Society},
  publisher = {Cambridge University Press (CUP)},
  author = {Hartree,  D. R.},
  year = {1928},
  month = jan,
  pages = {89–110}
}

@article{Roothaan1951,
  doi = {10.1063/1.1748100},
  url = {https://doi.org/10.1063/1.1748100},
  year = {1951},
  month = dec,
  publisher = {{AIP} Publishing},
  volume = {19},
  number = {12},
  pages = {1445--1458},
  author = {C. C. J. Roothaan},
  title = {A Study of Two-Center Integrals Useful in Calculations on Molecular Structure. I},
  journal = {The Journal of Chemical Physics}
}

@BOOK{laug,
      AUTHOR = {Anderson, E. and Bai, Z. and Bischof, C. and
                Blackford, S. and Demmel, J. and Dongarra, J. and
                Du Croz, J. and Greenbaum, A. and Hammarling, S. and
                McKenney, A. and Sorensen, D.},
      TITLE = {{LAPACK} Users' Guide},
      EDITION = {Third},
      PUBLISHER = {Society for Industrial and Applied Mathematics},
      YEAR = {1999},
      ADDRESS = {Philadelphia, PA},
      ISBN = {0-89871-447-8 (paperback)}
}

@article{Demmel2008,
  title = {Performance and Accuracy of LAPACK’s Symmetric Tridiagonal Eigensolvers},
  volume = {30},
  ISSN = {1095-7197},
  url = {http://dx.doi.org/10.1137/070688778},
  DOI = {10.1137/070688778},
  number = {3},
  journal = {SIAM Journal on Scientific Computing},
  publisher = {Society for Industrial \& Applied Mathematics (SIAM)},
  author = {Demmel,  James W. and Marques,  Osni A. and Parlett,  Beresford N. and V\"{o}mel,  Christof},
  year = {2008},
  month = jan,
  pages = {1508–1526}
}

@inbook{Mayer2003,
  title = {The Linear Variational Method and L\"{o}wdin's Orthogonalization Schemes},
  ISBN = {9781475765199},
  ISSN = {1568-217X},
  url = {http://dx.doi.org/10.1007/978-1-4757-6519-9_3},
  DOI = {10.1007/978-1-4757-6519-9_3},
  booktitle = {Simple Theorems,  Proofs,  and Derivations in Quantum Chemistry},
  publisher = {Springer US},
  author = {Mayer,  István},
  year = {2003},
  pages = {45–68}
}

@article{Echenique2007,
  title = {A mathematical and computational review of Hartree–Fock SCF methods in quantum chemistry},
  volume = {105},
  ISSN = {1362-3028},
  url = {http://dx.doi.org/10.1080/00268970701757875},
  DOI = {10.1080/00268970701757875},
  number = {23–24},
  journal = {Molecular Physics},
  publisher = {Informa UK Limited},
  author = {Echenique,  Pablo and Alonso,  J. L.},
  year = {2007},
  month = dec,
  pages = {3057–3098}
}

@article{Yang2009,
  title = {On the Convergence of the Self-Consistent Field Iteration for a Class of Nonlinear Eigenvalue Problems},
  volume = {30},
  ISSN = {1095-7162},
  url = {http://dx.doi.org/10.1137/080716293},
  DOI = {10.1137/080716293},
  number = {4},
  journal = {SIAM Journal on Matrix Analysis and Applications},
  publisher = {Society for Industrial & Applied Mathematics (SIAM)},
  author = {Yang,  Chao and Gao,  Weiguo and Meza,  Juan C.},
  year = {2009},
  month = jan,
  pages = {1773–1788}
}

@article{defrees1982effect,
  title={Effect of electron correlation of theoretical equilibrium geometries. 2. {C}omparison of third-order perturbation and configuration interaction results with experiment},
  author={DeFrees, Douglas J and Raghavachari, Krishnan and Schlegel, H Bernhard and Pople, John A},
  journal={Journal of the American Chemical Society},
  volume={104},
  number={21},
  pages={5576--5580},
  year={1982},
  publisher={ACS Publications}
}

@article{Kasai2018,
  doi = {10.1038/s41563-017-0012-2},
  url = {https://doi.org/10.1038/s41563-017-0012-2},
  year = {2018},
  month = feb,
  publisher = {Springer Science and Business Media {LLC}},
  volume = {17},
  number = {3},
  pages = {249--252},
  author = {Hidetaka Kasai and Kasper Tolborg and Mattia Sist and Jiawei Zhang and Venkatesha R. Hathwar and Mette {\O}. Fils{\o} and Simone Cenedese and Kunihisa Sugimoto and Jacob Overgaard and Eiji Nishibori and Bo B. Iversen},
  title = {X-ray electron density investigation of chemical bonding in van der Waals materials},
  journal = {Nature Materials}
}

@article{Coppens1971,
  doi = {10.1107/s0567740871001808},
  url = {https://doi.org/10.1107/s0567740871001808},
  year = {1971},
  month = jan,
  publisher = {International Union of Crystallography ({IUCr})},
  volume = {27},
  number = {1},
  pages = {146--158},
  author = {P. Coppens and A. Vos},
  title = {Electron density distribution in cyanuric acid. {II}. {N}eutron diffraction study at liquid nitrogen temperature and comparison of {X}-ray neutron diffraction results},
  journal = {Acta Crystallographica Section B Structural Crystallography and Crystal Chemistry}
}

@article{fermi1927statistical,
  title={Statistical method to determine some properties of atoms},
  author={Fermi, Enrico},
  journal={Rend. Accad. Naz. Lincei},
  volume={6},
  number={602-607},
  pages={5},
  year={1927}
}

@article{Vosko1980,
  doi = {10.1139/p80-159},
  url = {https://doi.org/10.1139/p80-159},
  year = {1980},
  month = aug,
  publisher = {Canadian Science Publishing},
  volume = {58},
  number = {8},
  pages = {1200--1211},
  author = {S. H. Vosko and L. Wilk and M. Nusair},
  title = {Accurate spin-dependent electron liquid correlation energies for local spin density calculations: a critical analysis},
  journal = {Canadian Journal of Physics}
}

@article{Ceperley1980,
  doi = {10.1103/physrevlett.45.566},
  url = {https://doi.org/10.1103/physrevlett.45.566},
  year = {1980},
  month = aug,
  publisher = {American Physical Society ({APS})},
  volume = {45},
  number = {7},
  pages = {566--569},
  author = {D. M. Ceperley and B. J. Alder},
  title = {Ground State of the Electron Gas by a Stochastic Method},
  journal = {Physical Review Letters}
}

@article{Perdew1981,
  doi = {10.1103/physrevb.23.5048},
  url = {https://doi.org/10.1103/physrevb.23.5048},
  year = {1981},
  month = may,
  publisher = {American Physical Society ({APS})},
  volume = {23},
  number = {10},
  pages = {5048--5079},
  author = {J. P. Perdew and Alex Zunger},
  title = {Self-interaction correction to density-functional approximations for many-electron systems},
  journal = {Physical Review B}
}

@article{Adamo1998,
  doi = {10.1063/1.475428},
  url = {https://doi.org/10.1063/1.475428},
  year = {1998},
  month = jan,
  publisher = {{AIP} Publishing},
  volume = {108},
  number = {2},
  pages = {664--675},
  author = {Carlo Adamo and Vincenzo Barone},
  title = {Exchange functionals with improved long-range behavior and adiabatic connection methods without adjustable parameters: The {mPW} and {mPW}1PW models},
  journal = {The Journal of Chemical Physics}
}

@article{weizsacker1935theorie,
  title={Zur theorie der kernmassen},
  author={Weizs{\"a}cker, CF von},
  journal={Zeitschrift f{\"u}r Physik},
  volume={96},
  number={7},
  pages={431--458},
  year={1935},
  publisher={Springer-Verlag}
}

@article{VanVoorhis1998,
  doi = {10.1063/1.476577},
  url = {https://doi.org/10.1063/1.476577},
  year = {1998},
  month = jul,
  publisher = {{AIP} Publishing},
  volume = {109},
  number = {2},
  pages = {400--410},
  author = {Troy Van Voorhis and Gustavo E. Scuseria},
  title = {A novel form for the exchange-correlation energy functional},
  journal = {The Journal of Chemical Physics}
}

@book{kcis1999,
  doi = {10.1007/978-1-4615-4715-0},
  url = {https://doi.org/10.1007/978-1-4615-4715-0},
  year = {1999},
  publisher = {Springer {US}},
  editor = {A. Gonis and N. Kioussis and M. Ciftan},
  title = {Electron Correlations and Materials Properties}
}

@article{Becke1993,
  doi = {10.1063/1.464913},
  url = {https://doi.org/10.1063/1.464913},
  year = {1993},
  month = apr,
  publisher = {{AIP} Publishing},
  volume = {98},
  number = {7},
  pages = {5648--5652},
  author = {Axel D. Becke},
  title = {Density-functional thermochemistry. {III}. The role of exact exchange},
  journal = {The Journal of Chemical Physics}
}

@book{Engel2011,
  title = {Density Functional Theory: An Advanced Course},
  ISBN = {9783642140907},
  ISSN = {1864-5887},
  url = {http://dx.doi.org/10.1007/978-3-642-14090-7},
  DOI = {10.1007/978-3-642-14090-7},
  journal = {Theoretical and Mathematical Physics},
  publisher = {Springer Berlin Heidelberg},
  author = {Engel,  Eberhard and Dreizler,  Reiner M.},
  year = {2011}
}

@phdthesis{matta,
author = {C. F. Matta},
title = {Applications of the Quantum theory of atoms in molecules to chemical and biochemical problems},
school = {McMaster University},
year = {2002}
}

@article{coppens,
  doi = {10.1021/cr990112c},
  url = {https://doi.org/10.1021/cr990112c},
  year = {2001},
  month = jun,
  publisher = {American Chemical Society ({ACS})},
  volume = {101},
  number = {6},
  pages = {1583--1628},
  author = {Tibor S. Koritsanszky and Philip Coppens},
  title = {Chemical Applications of {X}-ray Charge-Density Analysis},
  journal = {Chemical Reviews}
}

@article{Bieglerknig1982,
  doi = {10.1002/jcc.540030306},
  url = {https://doi.org/10.1002/jcc.540030306},
  year = {1982},
  month = sep,
  publisher = {Wiley},
  volume = {3},
  number = {3},
  pages = {317--328},
  author = {Friedrich W. Biegler-k\"{o}nig and Richard F. W. Bader and Ting-Hua Tang},
  title = {Calculation of the average properties of atoms in molecules. {II}},
  journal = {Journal of Computational Chemistry}
}

@article{ams2025,
    author = {Baerends, Evert Jan and Aguirre, Nestor F. and Austin, Nick D. and Autschbach, Jochen and Bickelhaupt, F. Matthias and Bulo, Rosa and Cappelli, Chiara and van Duin, Adri C. T. and Egidi, Franco and Fonseca Guerra, Célia and Förster, Arno and Franchini, Mirko and Goumans, Theodorus P. M. and Heine, Thomas and Hellström, Matti and Jacob, Christoph R. and Jensen, Lasse and Krykunov, Mykhaylo and van Lenthe, Erik and Michalak, Artur and Mitoraj, Mariusz M. and Neugebauer, Johannes and Nicu, Valentin Paul and Philipsen, Pier and Ramanantoanina, Harry and Rüger, Robert and Schreckenbach, Georg and Stener, Mauro and Swart, Marcel and Thijssen, Jos M. and Trnka, Tomáš and Visscher, Lucas and Yakovlev, Alexei and van Gisbergen, Stan},
    title = {The Amsterdam Modeling Suite},
    journal = {The Journal of Chemical Physics},
    volume = {162},
    number = {16},
    pages = {162501},
    year = {2025},
    month = {04},
    abstract = {In this paper, we present the Amsterdam Modeling Suite (AMS), a comprehensive software platform designed to support advanced molecular and materials simulations across a wide range of chemical and physical systems. AMS integrates cutting-edge quantum chemical methods, including Density Functional Theory (DFT) and time-dependent DFT, with molecular mechanics, fluid thermodynamics, machine learning techniques, and more, to enable multi-scale modeling of complex chemical systems. Its design philosophy allows for seamless coupling between components, facilitating simulations that range from small molecules to complex biomolecular and solid-state systems, making it a versatile tool for tackling interdisciplinary challenges, both in industry and in academia. The suite also emphasizes user accessibility, with an intuitive graphical interface, extensive scripting capabilities, and compatibility with high-performance computing environments.},
    issn = {0021-9606},
    doi = {10.1063/5.0258496},
    url = {https://doi.org/10.1063/5.0258496},
    eprint = {https://pubs.aip.org/aip/jcp/article-pdf/doi/10.1063/5.0258496/20497318/162501\_1\_5.0258496.pdf},
}

@misc{scan,
  doi = {10.48550/ARXIV.1511.01089},
  url = {https://arxiv.org/abs/1511.01089},
  author = {Sun,  Jianwei and Remsing,  Richard C. and Zhang,  Yubo and Sun,  Zhaoru and Ruzsinszky,  Adrienn and Peng,  Haowei and Yang,  Zenghui and Paul,  Arpita and Waghmare,  Umesh and Wu,  Xifan and Klein,  Michael L. and Perdew,  John P.},
  keywords = {Materials Science (cond-mat.mtrl-sci),  FOS: Physical sciences,  FOS: Physical sciences},
  title = {SCAN: An Efficient Density Functional Yielding Accurate Structures and Energies of Diversely-Bonded Materials},
  publisher = {arXiv},
  year = {2015},
  copyright = {arXiv.org perpetual,  non-exclusive license}
}

@book{nye1985physical,
  title     = {Physical Properties of Crystals: Their Representation by Tensors and Matrices},
  author    = {J. F. Nye},
  year      = {1985},
  edition   = {Illustrated, Reprint},
  publisher = {Clarendon Press},
  address   = {Oxford},
  series    = {Oxford Science Publications}
}

@misc{gaussian_thermo,
  author       = {{Gaussian Inc.}},
  title        = {Thermochemistry in Gaussian},
  year         = 2024,
  url          = {https://gaussian.com/wp-content/uploads/dl/thermo.pdf},
  note         = {Accessed: 2024-08-06}
}

@article{Perdew1996,
  title = {Generalized Gradient Approximation Made Simple},
  volume = {77},
  ISSN = {1079-7114},
  url = {http://dx.doi.org/10.1103/PhysRevLett.77.3865},
  DOI = {10.1103/physrevlett.77.3865},
  number = {18},
  journal = {Physical Review Letters},
  publisher = {American Physical Society (APS)},
  author = {Perdew,  John P. and Burke,  Kieron and Ernzerhof,  Matthias},
  year = {1996},
  month = oct,
  pages = {3865–3868}
}

@article{Adamo1999,
  title = {Toward reliable density functional methods without adjustable parameters: The PBE0 model},
  volume = {110},
  ISSN = {1089-7690},
  url = {http://dx.doi.org/10.1063/1.478522},
  DOI = {10.1063/1.478522},
  number = {13},
  journal = {The Journal of Chemical Physics},
  publisher = {AIP Publishing},
  author = {Adamo,  Carlo and Barone,  Vincenzo},
  year = {1999},
  month = apr,
  pages = {6158–6170}
}

@article{Rodrguez2008,
  title = {An efficient grid‐based scheme to compute QTAIM atomic properties without explicit calculation of zero‐flux surfaces},
  volume = {30},
  ISSN = {1096-987X},
  url = {http://dx.doi.org/10.1002/jcc.21134},
  DOI = {10.1002/jcc.21134},
  number = {7},
  journal = {Journal of Computational Chemistry},
  publisher = {Wiley},
  author = {Rodríguez,  Juan I. and K\"{o}ster,  Andreas M. and Ayers,  Paul W. and Santos‐Valle,  Ana and Vela,  Alberto and Merino,  Gabriel},
  year = {2008},
  month = oct,
  pages = {1082–1092}
}

@article{Hoffmann2018,
  title = {Can molecular and atomic descriptors predict the electrophilicity of Michael acceptors?},
  volume = {24},
  ISSN = {0948-5023},
  url = {http://dx.doi.org/10.1007/s00894-018-3802-9},
  DOI = {10.1007/s00894-018-3802-9},
  number = {10},
  journal = {Journal of Molecular Modeling},
  publisher = {Springer Science and Business Media LLC},
  author = {Hoffmann,  Guillaume and Tognetti,  Vincent and Joubert,  Laurent},
  year = {2018},
  month = sep
}

@article{Chermette1999,
  title = {Chemical reactivity indexes in density functional theory},
  volume = {20},
  ISSN = {1096-987X},
  url = {http://dx.doi.org/10.1002/(SICI)1096-987X(19990115)20:1<129::AID-JCC13>3.0.CO;2-A},
  DOI = {10.1002/(sici)1096-987x(19990115)20:1<129::aid-jcc13>3.0.co;2-a},
  number = {1},
  journal = {Journal of Computational Chemistry},
  publisher = {Wiley},
  author = {Chermette,  H.},
  year = {1999},
  month = jan,
  pages = {129–154}
}

@article{Geerlings2003,
  title = {Conceptual Density Functional Theory},
  volume = {103},
  ISSN = {1520-6890},
  url = {http://dx.doi.org/10.1021/cr990029p},
  DOI = {10.1021/cr990029p},
  number = {5},
  journal = {Chemical Reviews},
  publisher = {American Chemical Society (ACS)},
  author = {Geerlings,  P. and De Proft,  F. and Langenaeker,  W.},
  year = {2003},
  month = apr,
  pages = {1793–1874}
}

@article{ElstnerSeifert2014,
  title = {Density functional tight binding},
  author = {Elstner, Marcus and Seifert, Gotthard},
  journal = {Philosophical Transactions of the Royal Society A},
  volume = {372},
  number = {2011},
  pages = {20120483},
  year = {2014},
  doi = {10.1098/rsta.2012.0483}
}

@book{jensen2013introduction,
  title={Introduction to Computational Chemistry},
  author={Jensen, Frank},
  year={2013},
  publisher={Wiley}
}

@article{Jensen2001,
  title = {Polarization consistent basis sets: Principles},
  volume = {115},
  ISSN = {1089-7690},
  url = {http://dx.doi.org/10.1063/1.1413524},
  DOI = {10.1063/1.1413524},
  number = {20},
  journal = {The Journal of Chemical Physics},
  publisher = {AIP Publishing},
  author = {Jensen,  Frank},
  year = {2001},
  month = nov,
  pages = {9113–9125}
}

@article{Weigend2005,
  title = {Balanced basis sets of split valence,  triple zeta valence and quadruple zeta valence quality for H to Rn: Design and assessment of accuracy},
  volume = {7},
  ISSN = {1463-9084},
  url = {http://dx.doi.org/10.1039/B508541A},
  DOI = {10.1039/b508541a},
  number = {18},
  journal = {Physical Chemistry Chemical Physics},
  publisher = {Royal Society of Chemistry (RSC)},
  author = {Weigend,  Florian and Ahlrichs,  Reinhart},
  year = {2005},
  pages = {3297}
}

@article{boys1950,
  volume = {200},
  ISSN = {2053-9169},
  url = {http://dx.doi.org/10.1098/rspa.1950.0036},
  DOI = {10.1098/rspa.1950.0036},
  number = {1063},
  journal = {Proceedings of the Royal Society of London. Series A. Mathematical and Physical Sciences},
  author = {Boys, S. F.},
  publisher = {The Royal Society},
  year = {1950},
  month = feb,
  pages = {542–554}
}

@article{Besal2011,
  title = {The general Gaussian product theorem},
  volume = {49},
  ISSN = {1572-8897},
  url = {http://dx.doi.org/10.1007/s10910-011-9857-9},
  DOI = {10.1007/s10910-011-9857-9},
  number = {8},
  journal = {Journal of Mathematical Chemistry},
  publisher = {Springer Science and Business Media LLC},
  author = {Besalú,  Emili and Carbó-Dorca,  Ramon},
  year = {2011},
  month = jun,
  pages = {1769–1784}
}

@article{ORCA,
author = {Neese,F.},
title = {The ORCA program system},
journal = {WIRES Comput. Molec. Sci.},
volume = {2},
number = {1},
pages = {73-78},
DOI = {10.1002/wcms.81},
year = {2012},
type = {journal Article}
}

@article{quantum_espresso,
  doi = {10.48550/ARXIV.0906.2569},
  url = {https://arxiv.org/abs/0906.2569},
  author = {Giannozzi,  P. and Baroni,  S. and Bonini,  N. and Calandra,  M. and Car,  R. and Cavazzoni,  C. and Ceresoli,  D. and Chiarotti,  G. L. and Cococcioni,  m. and Dabo,  I. and Corso,  A. Dal and Fabris,  S. and Fratesi,  G. and de Gironcoli,  S. and Gebauer,  R. and Gerstmann,  U. and Gougoussis,  C. and Kokalj,  A. and Lazzeri,  M. and Martin-Samos,  L. and Marzari,  N. and Mauri,  F. and Mazzarello,  R. and Paolini,  S. and Pasquarello,  A. and Paulatto,  L. and Sbraccia,  C. and Scandolo,  S. and Sclauzero,  G. and Seitsonen,  A. P. and Smogunov,  A. and Umari,  P. and Wentzcovitch,  R. M.},
  keywords = {Materials Science (cond-mat.mtrl-sci),  FOS: Physical sciences,  FOS: Physical sciences},
  title = {Quantum ESPRESSO: a modular and open-source software project for quantum simulations of materials},
  publisher = {arXiv},
  year = {2009},
  copyright = {arXiv.org perpetual,  non-exclusive license}
}

@article{Kresse1996CMS,
  author    = {G. Kresse and J. Furthmüller},
  title     = {Efficiency of ab-initio total energy calculations for metals and semiconductors using a plane-wave basis set},
  journal   = {Comput. Mater. Sci.},
  volume    = {6},
  pages     = {15--50},
  year      = {1996},
  doi       = {10.1016/0927-0256(96)00008-0}
}

@article{Lwdin1955,
  title = {Quantum Theory of Many-Particle Systems. I. Physical Interpretations by Means of Density Matrices,  Natural Spin-Orbitals,  and Convergence Problems in the Method of Configurational Interaction},
  volume = {97},
  ISSN = {0031-899X},
  url = {http://dx.doi.org/10.1103/PhysRev.97.1474},
  DOI = {10.1103/physrev.97.1474},
  number = {6},
  journal = {Physical Review},
  publisher = {American Physical Society (APS)},
  author = {L\"{o}wdin,  Per-Olov},
  year = {1955},
  month = mar,
  pages = {1474–1489}
}

@article{McWeeny1960,
  title = {Some Recent Advances in Density Matrix Theory},
  volume = {32},
  ISSN = {0034-6861},
  url = {http://dx.doi.org/10.1103/RevModPhys.32.335},
  DOI = {10.1103/revmodphys.32.335},
  number = {2},
  journal = {Reviews of Modern Physics},
  publisher = {American Physical Society (APS)},
  author = {McWeeny,  R.},
  year = {1960},
  month = apr,
  pages = {335–369}
}

@book{mcweeny1969methods,
  title={Methods of Molecular Quantum Mechanics},
  author={McWeeny, R. and Sutcliffe, B.T.},
  isbn={9780124865501},
  lccn={lc72092409},
  series={Pure and Applied Mathematics},
  url={https://books.google.fr/books?id=D_Ph20OZu0YC},
  year={1969},
  publisher={Academic Press}
}

@inproceedings{Perdew2001,
  title = {Jacob's ladder of density functional approximations for the exchange-correlation energy},
  volume = {577},
  ISSN = {0094-243X},
  url = {http://dx.doi.org/10.1063/1.1390175},
  DOI = {10.1063/1.1390175},
  booktitle = {AIP Conference Proceedings},
  publisher = {AIP},
  author = {Perdew,  John P.},
  year = {2001},
  pages = {1–20}
}

@article{Lieb1979,
  title = {A lower bound for Coulomb energies},
  volume = {70},
  ISSN = {0375-9601},
  url = {http://dx.doi.org/10.1016/0375-9601(79)90358-X},
  DOI = {10.1016/0375-9601(79)90358-x},
  number = {5–6},
  journal = {Physics Letters A},
  publisher = {Elsevier BV},
  author = {Lieb,  Elliott H.},
  year = {1979},
  month = apr,
  pages = {444–446}
}

@article{Lieb1981,
  title = {Improved lower bound on the indirect Coulomb energy},
  volume = {19},
  ISSN = {1097-461X},
  url = {http://dx.doi.org/10.1002/qua.560190306},
  DOI = {10.1002/qua.560190306},
  number = {3},
  journal = {International Journal of Quantum Chemistry},
  publisher = {Wiley},
  author = {Lieb,  Elliott H. and Oxford,  Stephen},
  year = {1981},
  month = mar,
  pages = {427–439}
}

@incollection{burke1998derivation,
  title={Derivation of a generalized gradient approximation: The PW91 density functional},
  author={Burke, Kieron and Perdew, John P and Wang, Yue},
  booktitle={Electronic Density Functional Theory: recent progress and new directions},
  pages={81--111},
  year={1998},
  publisher={Springer}
}

@article{Franck1926,
  title = {Elementary processes of photochemical reactions},
  volume = {21},
  ISSN = {0014-7672},
  url = {http://dx.doi.org/10.1039/TF9262100536},
  DOI = {10.1039/tf9262100536},
  number = {February},
  journal = {Transactions of the Faraday Society},
  publisher = {Royal Society of Chemistry (RSC)},
  author = {Franck,  J. and Dymond,  E. G.},
  year = {1926},
  pages = {536}
}

@article{Condon1926,
  title = {A Theory of Intensity Distribution in Band Systems},
  volume = {28},
  ISSN = {0031-899X},
  url = {http://dx.doi.org/10.1103/PhysRev.28.1182},
  DOI = {10.1103/physrev.28.1182},
  number = {6},
  journal = {Physical Review},
  publisher = {American Physical Society (APS)},
  author = {Condon,  Edward},
  year = {1926},
  month = dec,
  pages = {1182–1201}
}

@article{Parr1978,
  title = {Electronegativity: The density functional viewpoint},
  volume = {68},
  ISSN = {1089-7690},
  url = {http://dx.doi.org/10.1063/1.436185},
  DOI = {10.1063/1.436185},
  number = {8},
  journal = {The Journal of Chemical Physics},
  publisher = {AIP Publishing},
  author = {Parr,  Robert G. and Donnelly,  Robert A. and Levy,  Mel and Palke,  William E.},
  year = {1978},
  month = apr,
  pages = {3801–3807}
}

@article{Parr1983,
  title = {Absolute hardness: companion parameter to absolute electronegativity},
  volume = {105},
  ISSN = {1520-5126},
  url = {http://dx.doi.org/10.1021/ja00364a005},
  DOI = {10.1021/ja00364a005},
  number = {26},
  journal = {Journal of the American Chemical Society},
  publisher = {American Chemical Society (ACS)},
  author = {Parr,  Robert G. and Pearson,  Ralph G.},
  year = {1983},
  month = dec,
  pages = {7512–7516}
}

@article{Parr1984,
  title = {Density functional approach to the frontier-electron theory of chemical reactivity},
  volume = {106},
  ISSN = {1520-5126},
  url = {http://dx.doi.org/10.1021/ja00326a036},
  DOI = {10.1021/ja00326a036},
  number = {14},
  journal = {Journal of the American Chemical Society},
  publisher = {American Chemical Society (ACS)},
  author = {Parr,  Robert G. and Yang,  Weitao},
  year = {1984},
  month = jul,
  pages = {4049–4050}
}

@article{Parr1995,
  title = {Density-Functional Theory of the Electronic Structure of Molecules},
  volume = {46},
  ISSN = {1545-1593},
  url = {http://dx.doi.org/10.1146/annurev.pc.46.100195.003413},
  DOI = {10.1146/annurev.pc.46.100195.003413},
  number = {1},
  journal = {Annual Review of Physical Chemistry},
  publisher = {Annual Reviews},
  author = {Parr,  Robert G. and Yang,  Weitao},
  year = {1995},
  month = oct,
  pages = {701–728}
}

@article{Pearson1986,
  title = {Absolute electronegativity and hardness correlated with molecular orbital theory},
  volume = {83},
  ISSN = {1091-6490},
  url = {http://dx.doi.org/10.1073/pnas.83.22.8440},
  DOI = {10.1073/pnas.83.22.8440},
  number = {22},
  journal = {Proceedings of the National Academy of Sciences},
  publisher = {Proceedings of the National Academy of Sciences},
  author = {Pearson,  Ralph G.},
  year = {1986},
  month = nov,
  pages = {8440–8441}
}

@book{Pearson1997,
  title = {Chemical Hardness},
  ISBN = {9783527606177},
  url = {http://dx.doi.org/10.1002/3527606173},
  DOI = {10.1002/3527606173},
  publisher = {Wiley},
  author = {Pearson,  Ralph G.},
  year = {1997},
  month = oct
}

@article{Yang1985,
  title = {Hardness,  softness,  and the fukui function in the electronic theory of metals and catalysis.},
  volume = {82},
  ISSN = {1091-6490},
  url = {http://dx.doi.org/10.1073/pnas.82.20.6723},
  DOI = {10.1073/pnas.82.20.6723},
  number = {20},
  journal = {Proceedings of the National Academy of Sciences},
  publisher = {Proceedings of the National Academy of Sciences},
  author = {Yang,  W and Parr,  R G},
  year = {1985},
  month = oct,
  pages = {6723–6726}
}

@book{Albright2013,
  title = {Orbital Interactions in Chemistry},
  ISBN = {9781118558409},
  url = {http://dx.doi.org/10.1002/9781118558409},
  DOI = {10.1002/9781118558409},
  publisher = {Wiley},
  author = {Albright,  Thomas A. and Burdett,  Jeremy K. and Whangbo,  Myung‐Hwan},
  year = {2013},
  month = mar
}

@article{Anderson2007,
  title = {Conceptual Density-Functional Theory for General Chemical Reactions,  Including Those That Are Neither Charge- nor Frontier-Orbital-Controlled. 1. Theory and Derivation of a General-Purpose Reactivity Indicator},
  volume = {3},
  ISSN = {1549-9626},
  url = {http://dx.doi.org/10.1021/ct600164j},
  DOI = {10.1021/ct600164j},
  number = {2},
  journal = {Journal of Chemical Theory and Computation},
  publisher = {American Chemical Society (ACS)},
  author = {Anderson,  James S. M. and Melin,  Junia and Ayers,  Paul W.},
  year = {2007},
  month = feb,
  pages = {358–374}
}

@article{Melin2005,
  title = {The electron-propagator approach to conceptual density-functional theory},
  volume = {117},
  ISSN = {0973-7103},
  url = {http://dx.doi.org/10.1007/BF02708342},
  DOI = {10.1007/bf02708342},
  number = {5},
  journal = {Journal of Chemical Sciences},
  publisher = {Springer Science and Business Media LLC},
  author = {Melin,  Junia and Ayers,  Paul W. and Ortiz,  J. V.},
  year = {2005},
  month = sep,
  pages = {387–400}
}

@article{Yang1984,
  title = {Electron density,  Kohn-Sham frontier orbitals,  and Fukui functions},
  volume = {81},
  ISSN = {1089-7690},
  url = {http://dx.doi.org/10.1063/1.447964},
  DOI = {10.1063/1.447964},
  number = {6},
  journal = {The Journal of Chemical Physics},
  publisher = {AIP Publishing},
  author = {Yang,  Weitao and Parr,  Robert G. and Pucci,  R.},
  year = {1984},
  month = sep,
  pages = {2862–2863}
}

@article{Bartolotti2005,
  title = {An Example Where Orbital Relaxation Is an Important Contribution to the Fukui Function},
  volume = {109},
  ISSN = {1520-5215},
  url = {http://dx.doi.org/10.1021/jp0462207},
  DOI = {10.1021/jp0462207},
  number = {6},
  journal = {The Journal of Physical Chemistry A},
  publisher = {American Chemical Society (ACS)},
  author = {Bartolotti,  Libero J. and Ayers,  Paul W.},
  year = {2005},
  month = jan,
  pages = {1146–1151}
}

@inbook{Ayers2000,
  title = {Perspective on ``Density functional approach to the frontier-electron theory of chemical reactivity''},
  ISBN = {9783662104217},
  url = {http://dx.doi.org/10.1007/978-3-662-10421-7_59},
  DOI = {10.1007/978-3-662-10421-7_59},
  booktitle = {Theoretical Chemistry Accounts},
  publisher = {Springer Berlin Heidelberg},
  author = {Ayers,  Paul W. and Levy,  Mel},
  year = {2000},
  pages = {353–360}
}

@article{Zhang2000,
  title = {Perspective on ``Density-functional theory for fractional particle number: derivative discontinuities of the energy''},
  volume = {103},
  ISSN = {1432-2234},
  url = {http://dx.doi.org/10.1007/s002149900021},
  DOI = {10.1007/s002149900021},
  number = {3–4},
  journal = {Theoretical Chemistry Accounts: Theory,  Computation,  and Modeling (Theoretica Chimica Acta)},
  publisher = {Springer Science and Business Media LLC},
  author = {Zhang,  Yingkai and Yang,  Weitao},
  year = {2000},
  month = feb,
  pages = {346–348}
}

@article{Perdew1982,
  title = {Density-Functional Theory for Fractional Particle Number: Derivative Discontinuities of the Energy},
  volume = {49},
  ISSN = {0031-9007},
  url = {http://dx.doi.org/10.1103/PhysRevLett.49.1691},
  DOI = {10.1103/physrevlett.49.1691},
  number = {23},
  journal = {Physical Review Letters},
  publisher = {American Physical Society (APS)},
  author = {Perdew,  John P. and Parr,  Robert G. and Levy,  Mel and Balduz,  Jose L.},
  year = {1982},
  month = dec,
  pages = {1691–1694}
}

@article{Parr1999,
  title = {Electrophilicity Index},
  volume = {121},
  ISSN = {1520-5126},
  url = {http://dx.doi.org/10.1021/ja983494x},
  DOI = {10.1021/ja983494x},
  number = {9},
  journal = {Journal of the American Chemical Society},
  publisher = {American Chemical Society (ACS)},
  author = {Parr,  Robert G. and Szentpály,  László v. and Liu,  Shubin},
  year = {1999},
  month = feb,
  pages = {1922–1924}
}

@article{Morell2004,
  title = {New Dual Descriptor for Chemical Reactivity},
  volume = {109},
  ISSN = {1520-5215},
  url = {http://dx.doi.org/10.1021/jp046577a},
  DOI = {10.1021/jp046577a},
  number = {1},
  journal = {The Journal of Physical Chemistry A},
  publisher = {American Chemical Society (ACS)},
  author = {Morell,  Christophe and Grand,  André and Toro-Labbé,  Alejandro},
  year = {2004},
  month = dec,
  pages = {205–212}
}

@misc{Gzquez2021,
  title = {Conceptual Density Functional Theory in the Grand Canonical Ensemble},
  ISBN = {9781119683353},
  url = {http://dx.doi.org/10.1002/9781119683353.ch11},
  DOI = {10.1002/9781119683353.ch11},
  journal = {Chemical Reactivity in Confined Systems},
  publisher = {Wiley},
  author = {Gázquez,  José L. and Franco‐Pérez,  Marco and Ayers,  Paul W. and Vela,  Alberto},
  year = {2021},
  month = aug,
  pages = {191–211}
}

@article{Langenaeker2001,
  title = {The response of atomic electron densities to point perturbations in the external potential},
  volume = {535},
  ISSN = {0166-1280},
  url = {http://dx.doi.org/10.1016/S0166-1280(00)00579-0},
  DOI = {10.1016/s0166-1280(00)00579-0},
  number = {1–3},
  journal = {Journal of Molecular Structure: THEOCHEM},
  publisher = {Elsevier BV},
  author = {Langenaeker,  W. and Liu,  S.},
  year = {2001},
  month = jan,
  pages = {279–286}
}

@article{Meneses2004,
  title = {A proposal for a new local hardness as selectivity index},
  volume = {383},
  ISSN = {0009-2614},
  url = {http://dx.doi.org/10.1016/j.cplett.2003.11.019},
  DOI = {10.1016/j.cplett.2003.11.019},
  number = {1–2},
  journal = {Chemical Physics Letters},
  publisher = {Elsevier BV},
  author = {Meneses,  Lorena and Tiznado,  William and Contreras,  Renato and Fuentealba,  Patricio},
  year = {2004},
  month = jan,
  pages = {181–187}
}

@article{Gal2011,
  title = {A new approach to local hardness},
  volume = {13},
  ISSN = {1463-9084},
  url = {http://dx.doi.org/10.1039/C1CP21213C},
  DOI = {10.1039/c1cp21213c},
  number = {33},
  journal = {Physical Chemistry Chemical Physics},
  publisher = {Royal Society of Chemistry (RSC)},
  author = {Gál,  T. and Geerlings,  P. and De Proft,  F. and Torrent-Sucarrat,  M.},
  year = {2011},
  pages = {15003}
}

@inproceedings{macqueen1967,
  title={Some methods for classification and analysis of multivariate observations},
  author={MacQueen, James},
  booktitle={Proceedings of the Fifth Berkeley Symposium on Mathematical Statistics and Probability, Volume 1: Statistics},
  volume={5},
  pages={281--298},
  year={1967},
  organization={University of California press}
}

@article{Johnson1967,
  title = {Hierarchical Clustering Schemes},
  volume = {32},
  ISSN = {1860-0980},
  url = {http://dx.doi.org/10.1007/BF02289588},
  DOI = {10.1007/bf02289588},
  number = {3},
  journal = {Psychometrika},
  publisher = {Cambridge University Press (CUP)},
  author = {Johnson,  Stephen C.},
  year = {1967},
  month = sep,
  pages = {241–254}
}

@article{Quinlan1986,
  title = {Induction of decision trees},
  volume = {1},
  ISSN = {1573-0565},
  url = {http://dx.doi.org/10.1007/BF00116251},
  DOI = {10.1007/bf00116251},
  number = {1},
  journal = {Machine Learning},
  publisher = {Springer Science and Business Media LLC},
  author = {Quinlan,  J. R.},
  year = {1986},
  month = mar,
  pages = {81–106}
}

@article{Cortes1995,
  title = {Support-vector networks},
  volume = {20},
  ISSN = {1573-0565},
  url = {http://dx.doi.org/10.1007/BF00994018},
  DOI = {10.1007/bf00994018},
  number = {3},
  journal = {Machine Learning},
  publisher = {Springer Science and Business Media LLC},
  author = {Cortes,  Corinna and Vapnik,  Vladimir},
  year = {1995},
  month = sep,
  pages = {273–297}
}

@article{McCulloch1943,
  title = {A logical calculus of the ideas immanent in nervous activity},
  volume = {5},
  ISSN = {1522-9602},
  url = {http://dx.doi.org/10.1007/BF02478259},
  DOI = {10.1007/bf02478259},
  number = {4},
  journal = {The Bulletin of Mathematical Biophysics},
  publisher = {Springer Science and Business Media LLC},
  author = {McCulloch,  Warren S. and Pitts,  Walter},
  year = {1943},
  month = dec,
  pages = {115–133}
}

@article{Rumelhart1986,
  title = {Learning representations by back-propagating errors},
  volume = {323},
  ISSN = {1476-4687},
  url = {http://dx.doi.org/10.1038/323533a0},
  DOI = {10.1038/323533a0},
  number = {6088},
  journal = {Nature},
  publisher = {Springer Science and Business Media LLC},
  author = {Rumelhart,  David E. and Hinton,  Geoffrey E. and Williams,  Ronald J.},
  year = {1986},
  month = oct,
  pages = {533–536}
}

@misc{Vaswani2017,
  doi = {10.48550/ARXIV.1706.03762},
  url = {https://arxiv.org/abs/1706.03762},
  author = {Vaswani,  Ashish and Shazeer,  Noam and Parmar,  Niki and Uszkoreit,  Jakob and Jones,  Llion and Gomez,  Aidan N. and Kaiser,  Lukasz and Polosukhin,  Illia},
  keywords = {Computation and Language (cs.CL),  Machine Learning (cs.LG),  FOS: Computer and information sciences,  FOS: Computer and information sciences},
  title = {Attention Is All You Need},
  publisher = {arXiv},
  year = {2017},
  copyright = {arXiv.org perpetual,  non-exclusive license}
}

@article{Steinhaus1956,
  author    = {Hugo Steinhaus},
  title     = {Sur la division des corps matériels en parties},
  journal   = {Bulletin de l’Académie Polonaise des Sciences},
  volume    = {4},
  year      = {1956},
  pages     = {801--804}
}

@article{Lloyd1982,
  title = {Least squares quantization in PCM},
  volume = {28},
  ISSN = {0018-9448},
  url = {http://dx.doi.org/10.1109/TIT.1982.1056489},
  DOI = {10.1109/tit.1982.1056489},
  number = {2},
  journal = {IEEE Transactions on Information Theory},
  publisher = {Institute of Electrical and Electronics Engineers (IEEE)},
  author = {Lloyd,  S.},
  year = {1982},
  month = mar,
  pages = {129–137}
}

@misc{ibm_kmeans,
  author       = {{IBM}},
  title        = {Qu'est-ce que le clustering k‑means ?},
  howpublished = {\url{https://www.ibm.com/fr-fr/think/topics/k-means-clustering}},
  year         = 2025,
  note         = {Accessed 8 Jul 2025},
  organization = {IBM}
}

@book{RussellNorvig2010,
  author    = {Stuart Russell and Peter Norvig},
  title     = {Artificial Intelligence: A Modern Approach},
  edition   = {3rd},
  year      = {2010},
  publisher = {Prentice Hall},
  isbn      = {978-0136042594}
}

@article{LeCun2015,
  author    = {Yann LeCun and Yoshua Bengio and Geoffrey Hinton},
  title     = {Deep learning},
  journal   = {Nature},
  volume    = {521},
  number    = {7553},
  pages     = {436--444},
  year      = {2015},
  doi       = {10.1038/nature14539}
}

@article{Silver2016,
  author    = {David Silver and Aja Huang and Chris J. Maddison and Arthur Guez and Laurent Sifre and George Van Den Driessche and Julian Schrittwieser and Ioannis Antonoglou and Veda Panneershelvam and Marc Lanctot and Sander Dieleman and Dominik Grewe and John Nham and Nal Kalchbrenner and Ilya Sutskever and Timothy Lillicrap and Madeleine Leach and Koray Kavukcuoglu and Thore Graepel and Demis Hassabis},
  title     = {Mastering the game of Go with deep neural networks and tree search},
  journal   = {Nature},
  volume    = {529},
  number    = {7587},
  pages     = {484--489},
  year      = {2016},
  doi       = {10.1038/nature16961}
}

@book{Murphy2012,
  author    = {Kevin P. Murphy},
  title     = {Machine Learning: A Probabilistic Perspective},
  publisher = {MIT Press},
  year      = {2012},
  isbn      = {978-0262018029}
}

@book{Bishop2006,
  author    = {Christopher M. Bishop},
  title     = {Pattern Recognition and Machine Learning},
  publisher = {Springer},
  year      = {2006},
  isbn      = {978-0387310732}
}

@article{Guyon2003,
  author    = {Isabelle Guyon and André Elisseeff},
  title     = {An Introduction to Variable and Feature Selection},
  journal   = {Journal of Machine Learning Research},
  volume    = {3},
  pages     = {1157--1182},
  year      = {2003},
  url       = {http://jmlr.org/papers/v3/guyon03a.html}
}

@incollection{Scholkopf2002,
  author    = {Bernhard Schölkopf and Alexander J. Smola},
  title     = {Learning with Kernels},
  booktitle = {Learning with Kernels: Support Vector Machines, Regularization, Optimization, and Beyond},
  publisher = {MIT Press},
  year      = {2002},
  isbn      = {978-0262194754}
}

@article{Krizhevsky2017,
  title = {ImageNet classification with deep convolutional neural networks},
  volume = {60},
  ISSN = {1557-7317},
  url = {http://dx.doi.org/10.1145/3065386},
  DOI = {10.1145/3065386},
  number = {6},
  journal = {Communications of the ACM},
  publisher = {Association for Computing Machinery (ACM)},
  author = {Krizhevsky,  Alex and Sutskever,  Ilya and Hinton,  Geoffrey E.},
  year = {2017},
  month = may,
  pages = {84–90}
}

@inproceedings{He2016,
  author    = {Kaiming He and Xiangyu Zhang and Shaoqing Ren and Jian Sun},
  title     = {Deep Residual Learning for Image Recognition},
  booktitle = {Proceedings of the IEEE Conference on Computer Vision and Pattern Recognition (CVPR)},
  pages     = {770--778},
  year      = {2016},
  doi       = {10.1109/CVPR.2016.90}
}

@book{Goodfellow2016,
  author    = {Ian Goodfellow and Yoshua Bengio and Aaron Courville},
  title     = {Deep Learning},
  publisher = {MIT Press},
  year      = {2016},
  isbn      = {978-0262035613},
  url       = {https://www.deeplearningbook.org}
}

@book{Hastie2009,
  author    = {Trevor Hastie and Robert Tibshirani and Jerome Friedman},
  title     = {The Elements of Statistical Learning: Data Mining, Inference, and Prediction},
  edition   = {2nd},
  publisher = {Springer},
  year      = {2009},
  isbn      = {978-0387848570},
  url       = {https://web.stanford.edu/~hastie/ElemStatLearn/}
}

@article{baerends1975adf,
  title={Self-consistent molecular Hartree-Fock-Slater calculations},
  author={Baerends, Evert Jan and Ros, P},
  journal={Chemical Physics},
  volume={8},
  number={3},
  pages={412--418},
  year={1975},
  publisher={Elsevier BV}
}

@article{Dhillon1998,
  title = {Current inverse iteration software can fail},
  volume = {38},
  ISSN = {1572-9125},
  url = {http://dx.doi.org/10.1007/BF02510409},
  DOI = {10.1007/bf02510409},
  number = {4},
  journal = {BIT Numerical Mathematics},
  publisher = {Springer Science and Business Media LLC},
  author = {Dhillon,  Inderjit S.},
  year = {1998},
  month = dec,
  pages = {685–704}
}

@article{Demmel2008,
  title = {Performance and Accuracy of LAPACK’s Symmetric Tridiagonal Eigensolvers},
  volume = {30},
  ISSN = {1095-7197},
  url = {http://dx.doi.org/10.1137/070688778},
  DOI = {10.1137/070688778},
  number = {3},
  journal = {SIAM Journal on Scientific Computing},
  publisher = {Society for Industrial & Applied Mathematics (SIAM)},
  author = {Demmel,  James W. and Marques,  Osni A. and Parlett,  Beresford N. and V\"{o}mel,  Christof},
  year = {2008},
  month = jan,
  pages = {1508–1526}
}

@article{BenHur2001,
  author    = {Asa Ben-Hur and David Horn and Hava T. Siegelmann and Vladimir Vapnik},
  title     = {Support Vector Clustering},
  journal   = {Journal of Machine Learning Research},
  year      = {2001},
  volume    = {2},
  pages     = {125--137},
  url       = {http://www.jmlr.org/papers/v2/ben-hur01a.html}
}

@article{scikit-learn,
  title     = {Scikit-learn: Machine Learning in Python},
  author    = {Pedregosa, Fabian and Varoquaux, Ga{\"e}l and Gramfort, Alexandre and Michel, Vincent and Thirion, Bertrand and Grisel, Olivier and Blondel, Mathieu and Prettenhofer, Peter and Weiss, Ron and Dubourg, Vincent and Vanderplas, Jake and Passos, Alexandre and Cournapeau, David and Brucher, Matthieu and Perrot, Matthieu and Duchesnay, {\'E}douard},
  journal   = {Journal of Machine Learning Research},
  volume    = {12},
  pages     = {2825--2830},
  year      = {2011},
  url       = {https://jmlr.org/papers/v12/pedregosa11a.html}
}

@article{Breiman2001,
  title = {Random Forests},
  volume = {45},
  ISSN = {1573-0565},
  url = {http://dx.doi.org/10.1023/A:1010933404324},
  DOI = {10.1023/a:1010933404324},
  number = {1},
  journal = {Machine Learning},
  publisher = {Springer Science and Business Media LLC},
  author = {Breiman,  Leo},
  year = {2001},
  month = oct,
  pages = {5–32}
}

@book{Goodfellow2016,
  title     = {Deep Learning},
  author    = {Ian Goodfellow and Yoshua Bengio and Aaron Courville},
  year      = {2016},
  publisher = {MIT Press},
  isbn      = {9780262035613},
  url       = {https://www.deeplearningbook.org}
}

@book{Rasmussen2006,
  author    = {Carl Edward Rasmussen and Christopher K. I. Williams},
  title     = {Gaussian Processes for Machine Learning},
  publisher = {MIT Press},
  year      = {2006},
  isbn      = {9780262182539},
  url       = {http://www.gaussianprocess.org/gpml/}
}

@article{Tipping2001,
  author    = {Michael E. Tipping},
  title     = {Sparse Bayesian Learning and the Relevance Vector Machine},
  journal   = {Journal of Machine Learning Research},
  volume    = {1},
  pages     = {211--244},
  year      = {2001},
  url       = {http://www.jmlr.org/papers/v1/tipping01a.html}
}

@inbook{Monard2017,
  title = {Solvent Effects in Quantum Chemistry},
  ISBN = {9783319272825},
  url = {http://dx.doi.org/10.1007/978-3-319-27282-5_15},
  DOI = {10.1007/978-3-319-27282-5_15},
  booktitle = {Handbook of Computational Chemistry},
  publisher = {Springer International Publishing},
  author = {Monard,  Gerald and Rivail,  Jean-Louis},
  year = {2017},
  pages = {727–739}
}

@book{Reichardt1979,
  author    = {Christian Reichardt},
  title     = {Solvent Effects in Organic Chemistry},
  year      = {1979},
  publisher = {Verlag Chemie},
  address   = {Weinheim/New York}
}

@article{Tomasi2005,
  title = {Quantum Mechanical Continuum Solvation Models},
  volume = {105},
  ISSN = {1520-6890},
  url = {http://dx.doi.org/10.1021/cr9904009},
  DOI = {10.1021/cr9904009},
  number = {8},
  journal = {Chemical Reviews},
  publisher = {American Chemical Society (ACS)},
  author = {Tomasi,  Jacopo and Mennucci,  Benedetta and Cammi,  Roberto},
  year = {2005},
  month = jul,
  pages = {2999–3094}
}

@article{Tomasi2000,
  title = {Cavity and reaction field: “robust” concepts. Perspective on “Electric moments of molecules in liquids”},
  volume = {103},
  ISSN = {1432-2234},
  url = {http://dx.doi.org/10.1007/s002149900044},
  DOI = {10.1007/s002149900044},
  number = {3–4},
  journal = {Theoretical Chemistry Accounts: Theory,  Computation,  and Modeling (Theoretica Chimica Acta)},
  publisher = {Springer Science and Business Media LLC},
  author = {Tomasi,  Jacopo},
  year = {2000},
  month = feb,
  pages = {196–199}
}

@article{Allinger1994,
  title = {Molecular mechanics parameters},
  volume = {312},
  ISSN = {0166-1280},
  url = {http://dx.doi.org/10.1016/s0166-1280(09)80008-0},
  DOI = {10.1016/s0166-1280(09)80008-0},
  number = {1},
  journal = {Journal of Molecular Structure: THEOCHEM},
  publisher = {Elsevier BV},
  author = {Allinger,  Norman L. and Zhou,  Xuefeng and Bergsma,  John},
  year = {1994},
  month = jan,
  pages = {69–83}
}

@misc{adfcosmo,
  author       = {{Software for Chemistry \& Materials (SCM)}},
  title        = {COSMO: Conductor Like Screening Model},
  howpublished = {\url{https://www.scm.com/doc/ADF/Input/COSMO.html}},
  year         = {2025},
  note         = {Accessed: 2025-07-31},
}

@article{Kirkwood1934,
  title = {Theory of Solutions of Molecules Containing Widely Separated Charges with Special Application to Zwitterions},
  volume = {2},
  ISSN = {1089-7690},
  url = {http://dx.doi.org/10.1063/1.1749489},
  DOI = {10.1063/1.1749489},
  number = {7},
  journal = {The Journal of Chemical Physics},
  publisher = {AIP Publishing},
  author = {Kirkwood,  John G.},
  year = {1934},
  month = jul,
  pages = {351–361}
}

@article{Klamt1993,
  title = {COSMO: a new approach to dielectric screening in solvents with explicit expressions for the screening energy and its gradient},
  ISSN = {1364-5471},
  url = {http://dx.doi.org/10.1039/P29930000799},
  DOI = {10.1039/p29930000799},
  number = {5},
  journal = {J. Chem. Soc.,  Perkin Trans. 2},
  publisher = {Royal Society of Chemistry (RSC)},
  author = {Klamt,  A. and Sch\"{u}\"{u}rmann,  G.},
  year = {1993},
  pages = {799–805}
}

@article{Monard2003,
  title = {Determination of enzymatic reaction pathways using QM/MM methods},
  volume = {93},
  ISSN = {1097-461X},
  url = {http://dx.doi.org/10.1002/qua.10555},
  DOI = {10.1002/qua.10555},
  number = {3},
  journal = {International Journal of Quantum Chemistry},
  publisher = {Wiley},
  author = {Monard,  Gérald and Prat-Resina,  Xavier and González‐Lafont,  Angels and Lluch,  José M.},
  year = {2003},
  month = jan,
  pages = {229–244}
}

@book{Milnor1965,
  author    = {John W. Milnor},
  title     = {Topology from the Differentiable Viewpoint},
  publisher = {University of Virginia Press},
  year      = {1965},
  pages     = {35},
  note      = {Reprinted with corrections},
}

@article{Connolly1983,
  title = {Analytical molecular surface calculation},
  volume = {16},
  ISSN = {0021-8898},
  url = {http://dx.doi.org/10.1107/S0021889883010985},
  DOI = {10.1107/s0021889883010985},
  number = {5},
  journal = {Journal of Applied Crystallography},
  publisher = {International Union of Crystallography (IUCr)},
  author = {Connolly,  M. L.},
  year = {1983},
  month = oct,
  pages = {548–558}
}

@article{Sanner1996,
  title = {Reduced surface: An efficient way to compute molecular surfaces},
  volume = {38},
  ISSN = {1097-0282},
  url = {http://dx.doi.org/10.1002/(SICI)1097-0282(199603)38:3<305::AID-BIP4>3.0.CO;2-Y},
  DOI = {10.1002/(sici)1097-0282(199603)38:3<305::aid-bip4>3.0.co;2-y},
  number = {3},
  journal = {Biopolymers},
  publisher = {Wiley},
  author = {Sanner,  Michel F. and Olson,  Arthur J. and Spehner,  Jean-Claude},
  year = {1996},
  month = mar,
  pages = {305–320}
}

@article{Lipparini2014,
  title = {Scalable Evaluation of Polarization Energy and Associated Forces in Polarizable Molecular Dynamics: I. Toward Massively Parallel Direct Space Computations},
  volume = {10},
  ISSN = {1549-9626},
  url = {http://dx.doi.org/10.1021/ct401096t},
  DOI = {10.1021/ct401096t},
  number = {4},
  journal = {Journal of Chemical Theory and Computation},
  publisher = {American Chemical Society (ACS)},
  author = {Lipparini,  Filippo and Lagardère,  Louis and Stamm,  Benjamin and Cancès,  Eric and Schnieders,  Michael and Ren,  Pengyu and Maday,  Yvon and Piquemal,  Jean-Philip},
  year = {2014},
  month = mar,
  pages = {1638–1651}
}

@article{Bondanza2020,
  title = {Polarizable embedding QM/MM: the future gold standard for complex (bio)systems?},
  volume = {22},
  ISSN = {1463-9084},
  url = {http://dx.doi.org/10.1039/D0CP02119A},
  DOI = {10.1039/d0cp02119a},
  number = {26},
  journal = {Physical Chemistry Chemical Physics},
  publisher = {Royal Society of Chemistry (RSC)},
  author = {Bondanza,  Mattia and Nottoli,  Michele and Cupellini,  Lorenzo and Lipparini,  Filippo and Mennucci,  Benedetta},
  year = {2020},
  pages = {14433–14448}
}


@article{Perdew2013,
  title = {Climbing the ladder of density functional approximations},
  volume = {38},
  ISSN = {1938-1425},
  url = {http://dx.doi.org/10.1557/mrs.2013.178},
  DOI = {10.1557/mrs.2013.178},
  number = {9},
  journal = {MRS Bulletin},
  publisher = {Springer Science and Business Media LLC},
  author = {Perdew,  John P.},
  year = {2013},
  month = sep,
  pages = {743–750}
}

@article{Pritchard2019,
  title = {New Basis Set Exchange: An Open,  Up-to-Date Resource for the Molecular Sciences Community},
  volume = {59},
  ISSN = {1549-960X},
  url = {http://dx.doi.org/10.1021/acs.jcim.9b00725},
  DOI = {10.1021/acs.jcim.9b00725},
  number = {11},
  journal = {Journal of Chemical Information and Modeling},
  publisher = {American Chemical Society (ACS)},
  author = {Pritchard,  Benjamin P. and Altarawy,  Doaa and Didier,  Brett and Gibson,  Tara D. and Windus,  Theresa L.},
  year = {2019},
  month = oct,
  pages = {4814–4820}
}

@article{Guido2013,
  title = {On the Metric of Charge Transfer Molecular Excitations: A Simple Chemical Descriptor},
  volume = {9},
  ISSN = {1549-9626},
  url = {http://dx.doi.org/10.1021/ct400337e},
  DOI = {10.1021/ct400337e},
  number = {7},
  journal = {Journal of Chemical Theory and Computation},
  publisher = {American Chemical Society (ACS)},
  author = {Guido,  Ciro A. and Cortona,  Pietro and Mennucci,  Benedetta and Adamo,  Carlo},
  year = {2013},
  month = jun,
  pages = {3118–3126}
}

@article{Peach2008,
  title = {Excitation energies in density functional theory: An evaluation and a diagnostic test},
  volume = {128},
  ISSN = {1089-7690},
  url = {http://dx.doi.org/10.1063/1.2831900},
  DOI = {10.1063/1.2831900},
  number = {4},
  journal = {The Journal of Chemical Physics},
  publisher = {AIP Publishing},
  author = {Peach,  Michael J. G. and Benfield,  Peter and Helgaker,  Trygve and Tozer,  David J.},
  year = {2008},
  month = jan 
}

@software{GIMP,
  author = {{The GIMP Development Team}},
  title = {GNU Image Manipulation Program (GIMP), Version 3.0.4. Community, Free Software (license GPLv3)},
  year = {2025},
  url = {https://gimp.org/},
  note = {Version 3.0.4, Free Software}
}

@software{Inkscape,
  author = {{Inkscape Project}},
  title = {Inkscape},
  url = {https://inkscape.org},
  version = {0.92.5},
  date={2020-04-16}
}

@manual{tantau:2013a,
   author    = {Till Tantau},
   title     = {The TikZ and PGF Packages},
   subtitle  = {Manual for version 3.0.0},
   url       = {http://sourceforge.net/projects/pgf/},
   date      = {2013-12-20},
}

@article{Ayers2015,
  title = {Bond metallicity measures},
  volume = {1053},
  ISSN = {2210-271X},
  url = {http://dx.doi.org/10.1016/j.comptc.2014.10.040},
  DOI = {10.1016/j.comptc.2014.10.040},
  journal = {Computational and Theoretical Chemistry},
  publisher = {Elsevier BV},
  author = {Ayers,  Paul W. and Jenkins,  Samantha},
  year = {2015},
  month = feb,
  pages = {112–122}
}

@article{Tognetti2014,
  title = {Density functional theory and Bader's atoms-in-molecules theory: towards a vivid dialogue},
  volume = {16},
  ISSN = {1463-9084},
  url = {http://dx.doi.org/10.1039/C3CP55526G},
  DOI = {10.1039/c3cp55526g},
  number = {28},
  journal = {Physical Chemistry Chemical Physics},
  publisher = {Royal Society of Chemistry (RSC)},
  author = {Tognetti,  Vincent and Joubert,  Laurent},
  year = {2014},
  pages = {14539}
}

@article{Tognetti2009,
  title = {Toward a Combined DFT/QTAIM Description of Agostic Bonds: The Critical Case of a Nb(III) Complex},
  volume = {113},
  ISSN = {1520-5215},
  url = {http://dx.doi.org/10.1021/jp9045534},
  DOI = {10.1021/jp9045534},
  number = {44},
  journal = {The Journal of Physical Chemistry A},
  publisher = {American Chemical Society (ACS)},
  author = {Tognetti,  Vincent and Joubert,  Laurent and Cortona,  Pietro and Adamo,  Carlo},
  year = {2009},
  month = oct,
  pages = {12322–12327}
}

@article{Tognetti2013,
  title = {On critical points and exchange-related properties of intramolecular bonds between two electronegative atoms},
  volume = {579},
  ISSN = {0009-2614},
  url = {http://dx.doi.org/10.1016/j.cplett.2013.06.006},
  DOI = {10.1016/j.cplett.2013.06.006},
  journal = {Chemical Physics Letters},
  publisher = {Elsevier BV},
  author = {Tognetti,  Vincent and Joubert,  Laurent},
  year = {2013},
  month = jul,
  pages = {122–126}
}

@article{Espinosa1998,
  title = {Hydrogen bond strengths revealed by topological analyses of experimentally observed electron densities},
  volume = {285},
  ISSN = {0009-2614},
  url = {http://dx.doi.org/10.1016/S0009-2614(98)00036-0},
  DOI = {10.1016/s0009-2614(98)00036-0},
  number = {3–4},
  journal = {Chemical Physics Letters},
  publisher = {Elsevier BV},
  author = {Espinosa,  E and Molins,  E and Lecomte,  C},
  year = {1998},
  month = mar,
  pages = {170–173}
}

@article{Abramov1997,
  title = {On the Possibility of Kinetic Energy Density Evaluation from the Experimental Electron-Density Distribution},
  volume = {53},
  ISSN = {0108-7673},
  url = {http://dx.doi.org/10.1107/S010876739601495X},
  DOI = {10.1107/s010876739601495x},
  number = {3},
  journal = {Acta Crystallographica Section A Foundations of Crystallography},
  publisher = {International Union of Crystallography (IUCr)},
  author = {Abramov,  Yu. A.},
  year = {1997},
  month = may,
  pages = {264–272}
}

@inbook{Ponder2003,
  title = {Force Fields for Protein Simulations},
  ISSN = {0065-3233},
  url = {http://dx.doi.org/10.1016/s0065-3233(03)66002-x},
  DOI = {10.1016/s0065-3233(03)66002-x},
  booktitle = {Protein Simulations},
  publisher = {Elsevier},
  author = {Ponder,  Jay W. and Case,  David A.},
  year = {2003},
  pages = {27–85}
}

@article{PinedaUrbina2013,
  title = {Shape entropy's response to molecular ionization},
  volume = {19},
  ISSN = {0948-5023},
  url = {http://dx.doi.org/10.1007/s00894-012-1725-4},
  DOI = {10.1007/s00894-012-1725-4},
  number = {4},
  journal = {Journal of Molecular Modeling},
  publisher = {Springer Science and Business Media LLC},
  author = {Pineda-Urbina,  K. and Guerrero,  R. D. and Reyes,  A. and Gómez-Sandoval,  Z. and Flores-Moreno,  R.},
  year = {2013},
  month = jan,
  pages = {1677–1683}
}

@article{Goswami2015,
  title = {Unique bonding pattern and resulting bond stretch isomerism in {Be$_3^{2-}$}},
  volume = {115},
  ISSN = {0020-7608},
  url = {http://dx.doi.org/10.1002/qua.24866},
  DOI = {10.1002/qua.24866},
  number = {7},
  journal = {International Journal of Quantum Chemistry},
  publisher = {Wiley},
  author = {Goswami,  Tamal and Paul,  Satadal and Mandal,  Subhajit and Misra,  Anirban and Anoop,  Anakuthil and Chattaraj,  Pratim K.},
  year = {2015},
  month = jan,
  pages = {426–433}
}

@misc{scikit-svm-kernels,
  title        = {Plot Classification Boundaries with Different SVM Kernels (Scikit-learn Example)},
  author       = {{scikit-learn developers}},
  howpublished = {\url{https://scikit-learn.org/stable/auto_examples/svm/plot_svm_kernels.html}},
  note         = {Accessed: 2025-08-13},
  year         = {2025}
}

@article{Rowlinson2005,
  title = {The Maxwell–Boltzmann distribution},
  volume = {103},
  ISSN = {1362-3028},
  url = {http://dx.doi.org/10.1080/002068970500044749},
  DOI = {10.1080/002068970500044749},
  number = {21–23},
  journal = {Molecular Physics},
  publisher = {Informa UK Limited},
  author = {Rowlinson,  J. S.},
  year = {2005},
  month = nov,
  pages = {2821–2828}
}

@online{scmGibbs2025,
  author       = {{Software for Chemistry \& Materials (SCM)}},
  title        = {Gibbs free energy change for a gas phase reaction},
  year         = {2025},
  url          = {https://www.scm.com/doc/AMS/Vibrational_Spectroscopy.html},
  note         = {Section ``Gibbs free energy change for a gas phase reaction'' in ``Vibrational Spectroscopy - AMS 2025.1 Documentation''},
  urldate      = {2025-08-17}
}

@article{Goerigk2014,
  title = {Double‐hybrid density functionals},
  volume = {4},
  ISSN = {1759-0884},
  url = {http://dx.doi.org/10.1002/wcms.1193},
  DOI = {10.1002/wcms.1193},
  number = {6},
  journal = {WIREs Computational Molecular Science},
  publisher = {Wiley},
  author = {Goerigk,  Lars and Grimme,  Stefan},
  year = {2014},
  month = jul,
  pages = {576–600}
}

@article{Gatti2022,
  title = {Atomic Group Decomposition of Charge Transfer Excitation Global Indexes},
  volume = {126},
  ISSN = {1520-5215},
  url = {http://dx.doi.org/10.1021/acs.jpca.2c04607},
  DOI = {10.1021/acs.jpca.2c04607},
  number = {36},
  journal = {The Journal of Physical Chemistry A},
  publisher = {American Chemical Society (ACS)},
  author = {Gatti,  Carlo and Danten,  Yann and Frayret,  Christine},
  year = {2022},
  month = sep,
  pages = {6314–6328}
}

@article{Herbert2023,
  title = {Visualizing and Characterizing Excited States from Time-Dependent Density Functional Theory},
  url = {http://dx.doi.org/10.26434/chemrxiv-2023-gnh1v-v2},
  DOI = {10.26434/chemrxiv-2023-gnh1v-v2},
  publisher = {American Chemical Society (ACS)},
  author = {Herbert,  John},
  year = {2023},
  month = dec
}



